% Publications

@inproceedings{kamil2010auto,
  title={An auto-tuning framework for parallel multicore stencil computations},
  author={Kamil, Shoaib and Chan, Cy and Oliker, Leonid and Shalf, John and Williams, Samuel},
  booktitle={2010 IEEE International Symposium on Parallel \& Distributed Processing (IPDPS)},
  pages={1--12},
  year={2010},
  organization={IEEE}
}

@inproceedings{christen2011patus,
  title={Patus: A code generation and autotuning framework for parallel iterative stencil computations on modern microarchitectures},
  author={Christen, Matthias and Schenk, Olaf and Burkhart, Helmar},
  booktitle={2011 IEEE International Parallel \& Distributed Processing Symposium},
  pages={676--687},
  year={2011},
  organization={IEEE}
}

@inproceedings{maruyama2011physis,
  title={Physis: an implicitly parallel programming model for stencil computations on large-scale GPU-accelerated supercomputers},
  author={Maruyama, Naoya and Nomura, Tatsuo and Sato, Kento and Matsuoka, Satoshi},
  booktitle={Proceedings of 2011 International Conference for High Performance Computing, Networking, Storage and Analysis},
  pages={1--12},
  year={2011}
}

@inproceedings{gysi2015stella,
  title={STELLA: A domain-specific tool for structured grid methods in weather and climate models},
  author={Gysi, Tobias and Osuna, Carlos and Fuhrer, Oliver and Bianco, Mauro and Schulthess, Thomas C},
  booktitle={Proceedings of the International Conference for High Performance Computing, Networking, Storage and Analysis},
  pages={1--12},
  year={2015}
}

@article{ragan2013halide,
  title={Halide: a language and compiler for optimizing parallelism, locality, and recomputation in image processing pipelines},
  author={Ragan-Kelley, Jonathan and Barnes, Connelly and Adams, Andrew and Paris, Sylvain and Durand, Fr{\'e}do and Amarasinghe, Saman},
  journal={Acm Sigplan Notices},
  volume={48},
  number={6},
  pages={519--530},
  year={2013},
  publisher={ACM New York, NY, USA}
}

@inproceedings{solano2011,
  title={Unstructured grid applications on GPU: performance analysis and improvement},
  author={Solano-Quinde, Lizandro and Wang, Zhi Jian and Bode, Brett and Somani, Arun K},
  booktitle={Proceedings of the Fourth Workshop on General Purpose Processing on Graphics Processing Units},
  pages={1--8},
  year={2011}
}

@inproceedings{solano2012,
  title={Techniques for the parallelization of unstructured grid applications on multi-GPU systems},
  author={Solano-Quinde, Lizandro and Bode, Brett and Somani, Arun K},
  booktitle={Proceedings of the 2012 International Workshop on Programming Models and Applications for Multicores and Manycores},
  pages={140--147},
  year={2012}
}

@article{mavriplis1997,
  title={Unstructured grid techniques},
  author={Mavriplis, DJ},
  journal={Annual Review of Fluid Mechanics},
  volume={29},
  number={1},
  pages={473--514},
  year={1997},
  publisher={Annual Reviews 4139 El Camino Way, PO Box 10139, Palo Alto, CA 94303-0139, USA}
}

@article{mavriplis2002parallel,
  title={Parallel performance investigations of an unstructured mesh Navier-Stokes solver},
  author={Mavriplis, Dimitri J},
  journal={The International Journal of High Performance Computing Applications},
  volume={16},
  number={4},
  pages={395--407},
  year={2002},
  publisher={Sage Publications Sage UK: London, England}
}

@article{edgebreaker,
  title={Edgebreaker: Connectivity compression for triangle meshes},
  author={Rossignac, Jarek},
  journal={IEEE transactions on visualization and computer graphics},
  volume={5},
  number={1},
  pages={47--61},
  year={1999},
  publisher={IEEE}
}

@inproceedings{wang2014,
  title={Characterization and analysis of dynamic parallelism in unstructured GPU applications},
  author={Wang, Jin and Yalamanchili, Sudhakar},
  booktitle={2014 IEEE International Symposium on Workload Characterization (IISWC)},
  pages={51--60},
  year={2014},
  organization={IEEE}
}

@article{edgebreaker-quadrilateral,
  title={Connectivity compression for irregular quadrilateral meshes},
  author={King, Davis and Rossignac, Jarek and Szymczak, Andrzej},
  journal={arXiv preprint cs/0005005},
  year={2000}
}

@inproceedings{social,
  title={On compressing social networks},
  author={Chierichetti, Flavio and Kumar, Ravi and Lattanzi, Silvio and Mitzenmacher, Michael and Panconesi, Alessandro and Raghavan, Prabhakar},
  booktitle={Proceedings of the 15th ACM SIGKDD international conference on Knowledge discovery and data mining},
  pages={219--228},
  year={2009}
}


% Official NVIDIA

@online{ptx-isa,
  author = {NVIDIA Corporation},
  title = {Parallel Thread Execution ISA Version 6.5 (v10.2.89)},
  year = 2019,
  url = {https://docs.nvidia.com/cuda/parallel-thread-execution/index.html},
  urldate = {2019-11-28}
}

@online{cuda-programming,
  author = {NVIDIA Corporation},
  title = {CUDA C++ Programming Guide (v10.2.89)},
  year = 2019,
  url = {https://docs.nvidia.com/cuda/cuda-c-programming-guide/index.html},
  urldate = {2019-11-28}
}

@online{cuda-runtime-api,
  author = {NVIDIA Corporation},
  title = {NVIDIA Cuda Runtime API (v10.2.89)},
  year = 2019,
  url = {https://docs.nvidia.com/cuda/cuda-runtime-api/index.html},
  urldate = {2019-11-28}
}

@online{cuda-best-practices,
  author = {NVIDIA Corporation},
  title = {CUDA C++ Best Practices Guide (v10.2.89)},
  year = 2019,
  url = {https://docs.nvidia.com/cuda/cuda-c-best-practices-guide/index.html},
  urldate = {2019-11-28}
}

@online{volta-tuning-guide,
  author = {NVIDIA Corporation},
  title = {Tuning CUDA Applications for Volta (v10.2.89)},
  year = 2019,
  url = {https://docs.nvidia.com/cuda/volta-tuning-guide/index.html},
  urldate = {2019-11-28}
}


% Books

@book{cuda-for-engineers,
publisher = {Addison-Wesley Professional},
isbn = {0-13-417751-7},
year = {2016},
title = {CUDA for engineers: an introduction to high-performance parallel computing},
author = {Storti, Duane},
}

@book{DSA,
isbn = {9789812383488},
year = {2014},
title = {Data Structures and Algorithms},
author = {Shi-Kuo Chang},
keywords = {Algorithms},
}

@article{dissecting,
  title={Dissecting the nvidia volta gpu architecture via microbenchmarking},
  author={Jia, Zhe and Maggioni, Marco and Staiger, Benjamin and Scarpazza, Daniele P},
  journal={arXiv preprint arXiv:1804.06826},
  year={2018}
}

% Wikipedia

@misc{cosmo,
title="Consortium for Small-scale Modeling",
url="http://www.cosmo-model.org/"
}

  @misc{ wiki:z-curves,
    author = "{Wikipedia contributors}",
    title = "Z-order curve --- {Wikipedia}{,} The Free Encyclopedia",
    year = "2020",
    url = "https://en.wikipedia.org/w/index.php?title=Z-order_curve&oldid=952434670",
    note = "[Online; accessed 
2-May-2020

]"
  }